%YAML 1.1
%TAG !u! tag:unity3d.com,2011:
--- !u!1 &517328272460844543
GameObject:
  m_ObjectHideFlags: 0
  m_CorrespondingSourceObject: {fileID: 0}
  m_PrefabInstance: {fileID: 0}
  m_PrefabAsset: {fileID: 0}
  serializedVersion: 6
  m_Component:
  - component: {fileID: 8646049829688399492}
  - component: {fileID: 33855826844718644}
  m_Layer: 0
  m_Name: GameObject (2)
  m_TagString: soket
  m_Icon: {fileID: 0}
  m_NavMeshLayer: 0
  m_StaticEditorFlags: 0
  m_IsActive: 1
--- !u!4 &8646049829688399492
Transform:
  m_ObjectHideFlags: 0
  m_CorrespondingSourceObject: {fileID: 0}
  m_PrefabInstance: {fileID: 0}
  m_PrefabAsset: {fileID: 0}
  m_GameObject: {fileID: 517328272460844543}
  m_LocalRotation: {x: 0, y: 0, z: 0, w: 1}
  m_LocalPosition: {x: -0.0402, y: -0.015, z: 0}
  m_LocalScale: {x: 1, y: 1, z: 1}
  m_Children: []
  m_Father: {fileID: 606091534526484584}
  m_RootOrder: 2
  m_LocalEulerAnglesHint: {x: 0, y: 0, z: 0}
--- !u!65 &33855826844718644
BoxCollider:
  m_ObjectHideFlags: 0
  m_CorrespondingSourceObject: {fileID: 0}
  m_PrefabInstance: {fileID: 0}
  m_PrefabAsset: {fileID: 0}
  m_GameObject: {fileID: 517328272460844543}
  m_Material: {fileID: 0}
  m_IsTrigger: 1
  m_Enabled: 1
  serializedVersion: 2
  m_Size: {x: 0.02, y: 0.007951312, z: 0.02}
  m_Center: {x: 0, y: 0.032580975, z: 0}
--- !u!1 &606091534526647368
GameObject:
  m_ObjectHideFlags: 0
  m_CorrespondingSourceObject: {fileID: 0}
  m_PrefabInstance: {fileID: 0}
  m_PrefabAsset: {fileID: 0}
  serializedVersion: 6
  m_Component:
  - component: {fileID: 606091534526484584}
  - component: {fileID: 606091534527811662}
  - component: {fileID: 606091534528909966}
  - component: {fileID: 167962857875302596}
  - component: {fileID: 5886082150251844544}
  - component: {fileID: 1354647939}
  - component: {fileID: 1354647940}
  - component: {fileID: 1354647941}
  - component: {fileID: 1354647942}
  - component: {fileID: 1354647943}
  - component: {fileID: 1354647944}
  - component: {fileID: 6664636051614690479}
  m_Layer: 0
  m_Name: Lego5
  m_TagString: lego
  m_Icon: {fileID: 0}
  m_NavMeshLayer: 0
  m_StaticEditorFlags: 0
  m_IsActive: 1
--- !u!4 &606091534526484584
Transform:
  m_ObjectHideFlags: 0
  m_CorrespondingSourceObject: {fileID: 0}
  m_PrefabInstance: {fileID: 0}
  m_PrefabAsset: {fileID: 0}
  m_GameObject: {fileID: 606091534526647368}
  m_LocalRotation: {x: 0, y: 0, z: 0, w: 1}
  m_LocalPosition: {x: -2.94, y: 0.10927349, z: 0}
  m_LocalScale: {x: 1, y: 1, z: 1}
  m_Children:
  - {fileID: 8391647792980453353}
  - {fileID: 8204003986753837747}
  - {fileID: 8646049829688399492}
  - {fileID: 7956084895248246380}
  m_Father: {fileID: 0}
  m_RootOrder: 0
  m_LocalEulerAnglesHint: {x: 0, y: 0, z: 0}
--- !u!33 &606091534527811662
MeshFilter:
  m_ObjectHideFlags: 0
  m_CorrespondingSourceObject: {fileID: 0}
  m_PrefabInstance: {fileID: 0}
  m_PrefabAsset: {fileID: 0}
  m_GameObject: {fileID: 606091534526647368}
  m_Mesh: {fileID: 4300002, guid: 82b0c70f6d8dbd94ca0d6fd8ac5efe72, type: 3}
--- !u!23 &606091534528909966
MeshRenderer:
  m_ObjectHideFlags: 0
  m_CorrespondingSourceObject: {fileID: 0}
  m_PrefabInstance: {fileID: 0}
  m_PrefabAsset: {fileID: 0}
  m_GameObject: {fileID: 606091534526647368}
  m_Enabled: 1
  m_CastShadows: 1
  m_ReceiveShadows: 1
  m_DynamicOccludee: 1
  m_MotionVectors: 1
  m_LightProbeUsage: 1
  m_ReflectionProbeUsage: 1
  m_RenderingLayerMask: 1
  m_RendererPriority: 0
  m_Materials:
  - {fileID: 2100000, guid: 89d6ce828196935429aafedf3cb403cc, type: 2}
  m_StaticBatchInfo:
    firstSubMesh: 0
    subMeshCount: 0
  m_StaticBatchRoot: {fileID: 0}
  m_ProbeAnchor: {fileID: 0}
  m_LightProbeVolumeOverride: {fileID: 0}
  m_ScaleInLightmap: 1
  m_PreserveUVs: 0
  m_IgnoreNormalsForChartDetection: 0
  m_ImportantGI: 0
  m_StitchLightmapSeams: 0
  m_SelectedEditorRenderState: 3
  m_MinimumChartSize: 4
  m_AutoUVMaxDistance: 0.5
  m_AutoUVMaxAngle: 89
  m_LightmapParameters: {fileID: 0}
  m_SortingLayerID: 0
  m_SortingLayer: 0
  m_SortingOrder: 0
--- !u!114 &167962857875302596
MonoBehaviour:
  m_ObjectHideFlags: 0
  m_CorrespondingSourceObject: {fileID: 0}
  m_PrefabInstance: {fileID: 0}
  m_PrefabAsset: {fileID: 0}
  m_GameObject: {fileID: 606091534526647368}
  m_Enabled: 1
  m_EditorHideFlags: 0
  m_Script: {fileID: 11500000, guid: cd2b8aea6258f904dbf89a408bdbc98a, type: 3}
  m_Name: 
  m_EditorClassIdentifier: 
  Sockets: []
  BindedObjects: []
  raylength: 0.05
  JunctionHight: 0.1
  Grabed: 0
  Conected: 0
  joint: {fileID: 0}
  snap: 0
--- !u!54 &5886082150251844544
Rigidbody:
  m_ObjectHideFlags: 0
  m_CorrespondingSourceObject: {fileID: 0}
  m_PrefabInstance: {fileID: 0}
  m_PrefabAsset: {fileID: 0}
  m_GameObject: {fileID: 606091534526647368}
  serializedVersion: 2
  m_Mass: 1
  m_Drag: 0
  m_AngularDrag: 0.05
  m_UseGravity: 1
  m_IsKinematic: 0
  m_Interpolate: 0
  m_Constraints: 0
  m_CollisionDetection: 3
--- !u!114 &1354647939
MonoBehaviour:
  m_ObjectHideFlags: 0
  m_CorrespondingSourceObject: {fileID: 0}
  m_PrefabInstance: {fileID: 0}
  m_PrefabAsset: {fileID: 0}
  m_GameObject: {fileID: 606091534526647368}
  m_Enabled: 1
  m_EditorHideFlags: 0
  m_Script: {fileID: 11500000, guid: ffefbea063cab884ca33e5a449e5c22c, type: 3}
  m_Name: 
  m_EditorClassIdentifier: 
  attachmentFlags: 337
  attachmentOffset: {fileID: 0}
  catchingSpeedThreshold: -1
  releaseVelocityStyle: 3
  releaseVelocityTimeOffset: -0.011
  scaleReleaseVelocity: 1.1
  restoreOriginalParent: 0
  onPickUp:
    m_PersistentCalls:
      m_Calls: []
    m_TypeName: UnityEngine.Events.UnityEvent, UnityEngine.CoreModule, Version=0.0.0.0,
      Culture=neutral, PublicKeyToken=null
  onDetachFromHand:
    m_PersistentCalls:
      m_Calls: []
    m_TypeName: UnityEngine.Events.UnityEvent, UnityEngine.CoreModule, Version=0.0.0.0,
      Culture=neutral, PublicKeyToken=null
  interactable: {fileID: 0}
--- !u!114 &1354647940
MonoBehaviour:
  m_ObjectHideFlags: 0
  m_CorrespondingSourceObject: {fileID: 0}
  m_PrefabInstance: {fileID: 0}
  m_PrefabAsset: {fileID: 0}
  m_GameObject: {fileID: 606091534526647368}
  m_Enabled: 1
  m_EditorHideFlags: 0
  m_Script: {fileID: 11500000, guid: 783750eec4c41da428b7651515146d14, type: 3}
  m_Name: 
  m_EditorClassIdentifier: 
  velocityAverageFrames: 5
  angularVelocityAverageFrames: 11
  estimateOnAwake: 0
--- !u!114 &1354647941
MonoBehaviour:
  m_ObjectHideFlags: 0
  m_CorrespondingSourceObject: {fileID: 0}
  m_PrefabInstance: {fileID: 0}
  m_PrefabAsset: {fileID: 0}
  m_GameObject: {fileID: 606091534526647368}
  m_Enabled: 1
  m_EditorHideFlags: 0
  m_Script: {fileID: 11500000, guid: c4153b26428ccf041950b92c057812a3, type: 3}
  m_Name: 
  m_EditorClassIdentifier: 
  onHandHoverBegin:
    m_PersistentCalls:
      m_Calls:
      - m_Target: {fileID: 0}
        m_MethodName: set_material
        m_Mode: 2
        m_Arguments:
          m_ObjectArgument: {fileID: 2100000, guid: 6729a932de5127b419aacfd9be7dde0d,
            type: 2}
          m_ObjectArgumentAssemblyTypeName: UnityEngine.Material, UnityEngine
          m_IntArgument: 0
          m_FloatArgument: 0
          m_StringArgument: 
          m_BoolArgument: 0
        m_CallState: 2
    m_TypeName: UnityEngine.Events.UnityEvent, UnityEngine.CoreModule, Version=0.0.0.0,
      Culture=neutral, PublicKeyToken=null
  onHandHoverEnd:
    m_PersistentCalls:
      m_Calls:
      - m_Target: {fileID: 0}
        m_MethodName: set_material
        m_Mode: 2
        m_Arguments:
          m_ObjectArgument: {fileID: 2100000, guid: 7e90f10e44a186a49a00679d068515ed,
            type: 2}
          m_ObjectArgumentAssemblyTypeName: UnityEngine.Material, UnityEngine
          m_IntArgument: 0
          m_FloatArgument: 0
          m_StringArgument: 
          m_BoolArgument: 0
        m_CallState: 2
    m_TypeName: UnityEngine.Events.UnityEvent, UnityEngine.CoreModule, Version=0.0.0.0,
      Culture=neutral, PublicKeyToken=null
  onAttachedToHand:
    m_PersistentCalls:
      m_Calls:
      - m_Target: {fileID: 167962857875302596}
        m_MethodName: BreakJoints
        m_Mode: 1
        m_Arguments:
          m_ObjectArgument: {fileID: 0}
          m_ObjectArgumentAssemblyTypeName: UnityEngine.Object, UnityEngine
          m_IntArgument: 0
          m_FloatArgument: 0
          m_StringArgument: 
          m_BoolArgument: 1
        m_CallState: 2
    m_TypeName: UnityEngine.Events.UnityEvent, UnityEngine.CoreModule, Version=0.0.0.0,
      Culture=neutral, PublicKeyToken=null
  onDetachedFromHand:
    m_PersistentCalls:
      m_Calls:
      - m_Target: {fileID: 167962857875302596}
        m_MethodName: Bind
        m_Mode: 1
        m_Arguments:
          m_ObjectArgument: {fileID: 0}
          m_ObjectArgumentAssemblyTypeName: UnityEngine.Object, UnityEngine
          m_IntArgument: 0
          m_FloatArgument: 0
          m_StringArgument: 
          m_BoolArgument: 0
        m_CallState: 2
    m_TypeName: UnityEngine.Events.UnityEvent, UnityEngine.CoreModule, Version=0.0.0.0,
      Culture=neutral, PublicKeyToken=null
--- !u!114 &1354647942
MonoBehaviour:
  m_ObjectHideFlags: 0
  m_CorrespondingSourceObject: {fileID: 0}
  m_PrefabInstance: {fileID: 0}
  m_PrefabAsset: {fileID: 0}
  m_GameObject: {fileID: 606091534526647368}
  m_Enabled: 1
  m_EditorHideFlags: 0
  m_Script: {fileID: 11500000, guid: b93b6a877adcbf94c89a9d6e0c0e844d, type: 3}
  m_Name: 
  m_EditorClassIdentifier: 
  activateActionSetOnAttach:
    actionSetPath: 
  hideHandOnAttach: 1
  hideSkeletonOnAttach: 0
  hideControllerOnAttach: 0
  handAnimationOnPickup: 0
  setRangeOfMotionOnPickup: -1
  useHandObjectAttachmentPoint: 1
  attachEaseIn: 0
  snapAttachEaseInCurve:
    serializedVersion: 2
    m_Curve:
    - serializedVersion: 3
      time: 0
      value: 0
      inSlope: 0
      outSlope: 0
      tangentMode: 0
      weightedMode: 0
      inWeight: 0
      outWeight: 0
    - serializedVersion: 3
      time: 1
      value: 1
      inSlope: 0
      outSlope: 0
      tangentMode: 0
      weightedMode: 0
      inWeight: 0
      outWeight: 0
    m_PreInfinity: 2
    m_PostInfinity: 2
    m_RotationOrder: 4
  snapAttachEaseInTime: 0.15
  snapAttachEaseInCompleted: 0
  skeletonPoser: {fileID: 0}
  handFollowTransform: 1
  highlightOnHover: 1
  hideHighlight: []
--- !u!114 &1354647943
MonoBehaviour:
  m_ObjectHideFlags: 0
  m_CorrespondingSourceObject: {fileID: 0}
  m_PrefabInstance: {fileID: 0}
  m_PrefabAsset: {fileID: 0}
  m_GameObject: {fileID: 606091534526647368}
  m_Enabled: 1
  m_EditorHideFlags: 0
  m_Script: {fileID: 11500000, guid: 037de2161ddbc6f4e96de7dd85ea6686, type: 3}
  m_Name: 
  m_EditorClassIdentifier: 
  targetCollider: {fileID: 6664636051614690479}
  spawnObjectOnCollision: {fileID: 1000012514662164, guid: ada35c93b68ad004d9b4e7bd686cf189,
    type: 3}
  colorSpawnedObject: 1
  destroyOnTargetCollision: 1
--- !u!114 &1354647944
MonoBehaviour:
  m_ObjectHideFlags: 0
  m_CorrespondingSourceObject: {fileID: 0}
  m_PrefabInstance: {fileID: 0}
  m_PrefabAsset: {fileID: 0}
  m_GameObject: {fileID: 606091534526647368}
  m_Enabled: 1
  m_EditorHideFlags: 0
  m_Script: {fileID: 11500000, guid: e7418c7dd8f977d4e969202d3fa7e926, type: 3}
  m_Name: 
  m_EditorClassIdentifier: 
  poseEditorExpanded: 1
  blendEditorExpanded: 0
  poseNames:
  - sphereSmallPose (MAIN)
  previewLeftHandPrefab: {fileID: 1000013348574242, guid: 638779290bce1af49b356f33dcc6fccf,
    type: 3}
  previewRightHandPrefab: {fileID: 1000010304998954, guid: 6def53d002137b747aec0b29551e0e25,
    type: 3}
  skeletonMainPose: {fileID: 11400000, guid: ccd16738d1f943640aa2aed1071a3897, type: 2}
  skeletonAdditionalPoses: []
  showLeftPreview: 0
  showRightPreview: 0
  previewLeftInstance: {fileID: 0}
  previewRightInstance: {fileID: 0}
  previewPoseSelection: 0
  blendingBehaviours: []
  scale: 1
--- !u!65 &6664636051614690479
BoxCollider:
  m_ObjectHideFlags: 0
  m_CorrespondingSourceObject: {fileID: 0}
  m_PrefabInstance: {fileID: 0}
  m_PrefabAsset: {fileID: 0}
  m_GameObject: {fileID: 606091534526647368}
  m_Material: {fileID: 0}
  m_IsTrigger: 0
  m_Enabled: 1
  serializedVersion: 2
  m_Size: {x: 0.316, y: 0.031769663, z: 0.07711578}
  m_Center: {x: 0, y: -0.009231508, z: -0.0001383163}
--- !u!1 &1545758752840339203
GameObject:
  m_ObjectHideFlags: 0
  m_CorrespondingSourceObject: {fileID: 0}
  m_PrefabInstance: {fileID: 0}
  m_PrefabAsset: {fileID: 0}
  serializedVersion: 6
  m_Component:
  - component: {fileID: 8204003986753837747}
  - component: {fileID: 5672602137723140245}
  m_Layer: 0
  m_Name: GameObject (1)
  m_TagString: soket
  m_Icon: {fileID: 0}
  m_NavMeshLayer: 0
  m_StaticEditorFlags: 0
  m_IsActive: 1
--- !u!4 &8204003986753837747
Transform:
  m_ObjectHideFlags: 0
  m_CorrespondingSourceObject: {fileID: 0}
  m_PrefabInstance: {fileID: 0}
  m_PrefabAsset: {fileID: 0}
  m_GameObject: {fileID: 1545758752840339203}
  m_LocalRotation: {x: 0, y: 0, z: 0, w: 1}
  m_LocalPosition: {x: 0.0398, y: -0.015000001, z: 0}
  m_LocalScale: {x: 1, y: 1, z: 1}
  m_Children: []
  m_Father: {fileID: 606091534526484584}
  m_RootOrder: 1
  m_LocalEulerAnglesHint: {x: 0, y: 0, z: 0}
--- !u!65 &5672602137723140245
BoxCollider:
  m_ObjectHideFlags: 0
  m_CorrespondingSourceObject: {fileID: 0}
  m_PrefabInstance: {fileID: 0}
  m_PrefabAsset: {fileID: 0}
  m_GameObject: {fileID: 1545758752840339203}
  m_Material: {fileID: 0}
  m_IsTrigger: 1
  m_Enabled: 1
  serializedVersion: 2
  m_Size: {x: 0.02, y: 0.009126402, z: 0.02}
  m_Center: {x: 0, y: 0.03267015, z: 0}
--- !u!1 &1889783920419948733
GameObject:
  m_ObjectHideFlags: 0
  m_CorrespondingSourceObject: {fileID: 0}
  m_PrefabInstance: {fileID: 0}
  m_PrefabAsset: {fileID: 0}
  serializedVersion: 6
  m_Component:
  - component: {fileID: 7956084895248246380}
  - component: {fileID: 8363699583996973034}
  m_Layer: 0
  m_Name: GameObject (3)
  m_TagString: soket
  m_Icon: {fileID: 0}
  m_NavMeshLayer: 0
  m_StaticEditorFlags: 0
  m_IsActive: 1
--- !u!4 &7956084895248246380
Transform:
  m_ObjectHideFlags: 0
  m_CorrespondingSourceObject: {fileID: 0}
  m_PrefabInstance: {fileID: 0}
  m_PrefabAsset: {fileID: 0}
  m_GameObject: {fileID: 1889783920419948733}
  m_LocalRotation: {x: 0, y: 0, z: 0, w: 1}
  m_LocalPosition: {x: -0.12, y: -0.015000001, z: 0}
  m_LocalScale: {x: 1, y: 1, z: 1}
  m_Children: []
  m_Father: {fileID: 606091534526484584}
  m_RootOrder: 3
  m_LocalEulerAnglesHint: {x: 0, y: 0, z: 0}
--- !u!65 &8363699583996973034
BoxCollider:
  m_ObjectHideFlags: 0
  m_CorrespondingSourceObject: {fileID: 0}
  m_PrefabInstance: {fileID: 0}
  m_PrefabAsset: {fileID: 0}
  m_GameObject: {fileID: 1889783920419948733}
  m_Material: {fileID: 0}
  m_IsTrigger: 1
  m_Enabled: 1
  serializedVersion: 2
  m_Size: {x: 0.02, y: 0.00968007, z: 0.02}
  m_Center: {x: 0, y: 0.033248525, z: 0}
--- !u!1 &9086024248695756693
GameObject:
  m_ObjectHideFlags: 0
  m_CorrespondingSourceObject: {fileID: 0}
  m_PrefabInstance: {fileID: 0}
  m_PrefabAsset: {fileID: 0}
  serializedVersion: 6
  m_Component:
  - component: {fileID: 8391647792980453353}
  - component: {fileID: 6164408573635753754}
  m_Layer: 0
  m_Name: GameObject
  m_TagString: soket
  m_Icon: {fileID: 0}
  m_NavMeshLayer: 0
  m_StaticEditorFlags: 0
  m_IsActive: 1
--- !u!4 &8391647792980453353
Transform:
  m_ObjectHideFlags: 0
  m_CorrespondingSourceObject: {fileID: 0}
  m_PrefabInstance: {fileID: 0}
  m_PrefabAsset: {fileID: 0}
  m_GameObject: {fileID: 9086024248695756693}
  m_LocalRotation: {x: 0, y: 0, z: 0, w: 1}
  m_LocalPosition: {x: 0.1201, y: -0.015000001, z: 0}
  m_LocalScale: {x: 1, y: 1, z: 1}
  m_Children: []
  m_Father: {fileID: 606091534526484584}
  m_RootOrder: 0
  m_LocalEulerAnglesHint: {x: 0, y: 0, z: 0}
--- !u!65 &6164408573635753754
BoxCollider:
  m_ObjectHideFlags: 0
  m_CorrespondingSourceObject: {fileID: 0}
  m_PrefabInstance: {fileID: 0}
  m_PrefabAsset: {fileID: 0}
  m_GameObject: {fileID: 9086024248695756693}
  m_Material: {fileID: 0}
  m_IsTrigger: 1
  m_Enabled: 1
  serializedVersion: 2
  m_Size: {x: 0.02, y: 0.008486472, z: 0.02}
  m_Center: {x: 0, y: 0.033666898, z: 0}
